@article{govil1999environmental,
  title={Environmental pollution in India},
  author={Govil, PK and Reddy, GLN and Rao, T Gnaneswara},
  journal={Journal of environmental health},
  volume={61},
  number={8},
  pages={23},
  year={1999},
  publisher={National Environmental Health Association}
}